<?xml version="1.0" encoding="UTF-8"?><record xmlns="http://www.loc.gov/MARC21/slim" xmlns:cinclude="http://apache.org/cocoon/include/1.0" xmlns:zs="http://www.loc.gov/zing/srw/">
  <leader>00740cz  a2200181n  4500</leader>
  <controlfield tag="001">n  77012396 </controlfield>
  <controlfield tag="003">DLC</controlfield>
  <controlfield tag="005">20081010074846.0</controlfield>
  <controlfield tag="008">771108n| acannaabn          |a aaa      </controlfield>
  <datafield tag="010" ind1=" " ind2=" ">
    <subfield code="a">n  77012396 </subfield>
  </datafield>
  <datafield tag="035" ind1=" " ind2=" ">
    <subfield code="a">(OCoLC)oca00128908</subfield>
  </datafield>
  <datafield tag="040" ind1=" " ind2=" ">
    <subfield code="a">DLC</subfield>
    <subfield code="b">eng</subfield>
    <subfield code="c">DLC</subfield>
    <subfield code="d">OCoLC</subfield>
  </datafield>
  <datafield tag="100" ind1="1" ind2=" ">
    <subfield code="a">Babin, E.</subfield>
    <subfield code="q">(Elisabeth),</subfield>
    <subfield code="d">1938-</subfield>
  </datafield>
  <datafield tag="400" ind1="1" ind2=" ">
    <subfield code="a">Babin, Elisabeth,</subfield>
    <subfield code="d">1938-</subfield>
  </datafield>
  <datafield tag="400" ind1="1" ind2=" ">
    <subfield code="w">nna</subfield>
    <subfield code="a">Babin, A. Elisabeth,</subfield>
    <subfield code="d">1938-</subfield>
  </datafield>
  <datafield tag="670" ind1=" " ind2=" ">
    <subfield code="a">Capesius, P. Radiculosaccography ... 1978 (a.e.)</subfield>
    <subfield code="b">t.p. (E. Babin) verso of t.p. (Dr. A. E. Babin, Strasbourg) CIP data sheet (A. Elisabeth Babin, b. 10/22/38)</subfield>
  </datafield>
  <datafield tag="670" ind1=" " ind2=" ">
    <subfield code="a">OCLC, Oct. 8, 2008</subfield>
    <subfield code="b">(hdgs.: Babin, A. Elisabeth 1938- ; Babin, Elisabeth 1938- ; usage: E. Babin)</subfield>
  </datafield>
  <datafield tag="675" ind1=" " ind2=" ">
    <subfield code="a">WW in France, 1977-78;</subfield>
    <subfield code="a">WW sci. in Europe, 1967</subfield>
  </datafield>
</record>